%%%%%%%%%%%%%%%%%%%%%%%%%%%%%%%%%
% Computer Vision
%%%%%%%%%%%%%%%%%%%%%%%%%%%%%%%%%

@inproceedings{he2016deep,
  title={Deep residual learning for image recognition},
  author={He, Kaiming and Zhang, Xiangyu and Ren, Shaoqing and Sun, Jian},
  booktitle={Proceedings of the IEEE conference on computer vision and pattern recognition},
  pages={770--778},
  year={2016}
}

%%%%%%%%%%%%%%%%%%%%%%%%%%%%%%%%%
% Natural Language Processing
%%%%%%%%%%%%%%%%%%%%%%%%%%%%%%%%%

@article{brown2020language,
  title={Language models are few-shot learners},
  author={Brown, Tom B and Mann, Benjamin and Ryder, Nick and Subbiah, Melanie and Kaplan, Jared and Dhariwal, Prafulla and Neelakantan, Arvind and Shyam, Pranav and Sastry, Girish and Askell, Amanda and others},
  journal={arXiv preprint arXiv:2005.14165},
  year={2020}
}


%%%%%%%%%%%%%%%%%%%%%%%%%%%%%%%%%
%Hessian References
%%%%%%%%%%%%%%%%%%%%%%%%%%%%%%%%%

@article{ghorbani2019investigation,
  title={An investigation into neural net optimization via hessian eigenvalue density},
  author={Ghorbani, Behrooz and Krishnan, Shankar and Xiao, Ying},
  journal={arXiv preprint arXiv:1901.10159},
  year={2019}
}

@article{goldblum2019truth,
  title={Truth or backpropaganda? An empirical investigation of deep learning theory},
  author={Goldblum, Micah and Geiping, Jonas and Schwarzschild, Avi and Moeller, Michael and Goldstein, Tom},
  journal={arXiv preprint arXiv:1910.00359},
  year={2019}
}

@article{maddox2020rethinking,
  title={Rethinking Parameter Counting in Deep Models: Effective Dimensionality Revisited},
  author={Maddox, Wesley J and Benton, Gregory and Wilson, Andrew Gordon},
  journal={arXiv preprint arXiv:2003.02139},
  year={2020}
}

@article{chaudhari2019entropy,
  title={Entropy-sgd: Biasing gradient descent into wide valleys},
  author={Chaudhari, Pratik and Choromanska, Anna and Soatto, Stefano and LeCun, Yann and Baldassi, Carlo and Borgs, Christian and Chayes, Jennifer and Sagun, Levent and Zecchina, Riccardo},
  journal={Journal of Statistical Mechanics: Theory and Experiment},
  volume={2019},
  number={12},
  pages={124018},
  year={2019},
  publisher={IOP Publishing}
}

@article{sagun2017empirical,
  title={Empirical analysis of the hessian of over-parametrized neural networks},
  author={Sagun, Levent and Evci, Utku and Guney, V Ugur and Dauphin, Yann and Bottou, Leon},
  journal={arXiv preprint arXiv:1706.04454},
  year={2017}
}

@article{granziol2020flatness,
  title={Flatness is a False Friend},
  author={Granziol, Diego},
  journal={arXiv preprint arXiv:2006.09091},
  year={2020}
}

@article{yao2019pyhessian,
  title={PyHessian: Neural networks through the lens of the Hessian},
  author={Yao, Zhewei and Gholami, Amir and Keutzer, Kurt and Mahoney, Michael},
  journal={arXiv preprint arXiv:1912.07145},
  year={2019}
}



%%%%%%%%%%%%%%%%%%%%%%%%%%%%%%%%
%Jacobian References
%%%%%%%%%%%%%%%%%%%%%%%%%%%%%%%%

@article{sokolic2017robust,
  title={Robust large margin deep neural networks},
  author={Sokoli{\'c}, Jure and Giryes, Raja and Sapiro, Guillermo and Rodrigues, Miguel RD},
  journal={IEEE Transactions on Signal Processing},
  volume={65},
  number={16},
  pages={4265--4280},
  year={2017},
  publisher={IEEE}
}

@inproceedings{pennington2017resurrecting,
  title={Resurrecting the sigmoid in deep learning through dynamical isometry: theory and practice},
  author={Pennington, Jeffrey and Schoenholz, Samuel and Ganguli, Surya},
  booktitle={Advances in neural information processing systems},
  pages={4785--4795},
  year={2017}
}

@article{novak2018sensitivity,
  title={Sensitivity and generalization in neural networks: an empirical study},
  author={Novak, Roman and Bahri, Yasaman and Abolafia, Daniel A and Pennington, Jeffrey and Sohl-Dickstein, Jascha},
  journal={arXiv preprint arXiv:1802.08760},
  year={2018}
}

@article{pennington2018emergence,
  title={The emergence of spectral universality in deep networks},
  author={Pennington, Jeffrey and Schoenholz, Samuel S and Ganguli, Surya},
  journal={arXiv preprint arXiv:1802.09979},
  year={2018}
}

@article{bagge2018tangent,
  title={Tangent-space regularization for neural-network models of dynamical systems},
  author={Bagge Carlson, Fredrik and Johansson, Rolf and Robertsson, Anders},
  journal={arXiv},
  pages={arXiv--1806},
  year={2018}
}

@article{ling2019spectrum,
  title={Spectrum concentration in deep residual learning: a free probability approach},
  author={Ling, Zenan and Qiu, Robert C},
  journal={IEEE Access},
  volume={7},
  pages={105212--105223},
  year={2019},
  publisher={IEEE}
}

@article{jiang2018predicting,
  title={Predicting the generalization gap in deep networks with margin distributions},
  author={Jiang, Yiding and Krishnan, Dilip and Mobahi, Hossein and Bengio, Samy},
  journal={arXiv preprint arXiv:1810.00113},
  year={2018}
}

@article{yu2018interpreting,
  title={Interpreting adversarial robustness: A view from decision surface in input space},
  author={Yu, Fuxun and Liu, Chenchen and Wang, Yanzhi and Zhao, Liang and Chen, Xiang},
  journal={arXiv preprint arXiv:1810.00144},
  year={2018}
}

@article{hoffman2019robust,
  title={Robust learning with jacobian regularization},
  author={Hoffman, Judy and Roberts, Daniel A and Yaida, Sho},
  journal={arXiv preprint arXiv:1908.02729},
  year={2019}
}

@inproceedings{oymak2019generalization,
  title={Generalization, Adaptation and Low-Rank Representation in Neural Networks},
  author={Oymak, Samet and Fabian, Zalan and Li, Mingchen and Soltanolkotabi, Mahdi},
  booktitle={2019 53rd Asilomar Conference on Signals, Systems, and Computers},
  pages={581--585},
  year={2019},
  organization={IEEE}
}

@article{sokol2018information,
  title={Information geometry of orthogonal initializations and training},
  author={Sokol, Piotr A and Park, Il Memming},
  journal={arXiv preprint arXiv:1810.03785},
  year={2018}
}

@article{lorrainejacnet,
  title={JacNet: Learning Functions with Structured Jacobians},
  author={Lorraine, Jonathan and Hossain, Safwan}
}

@article{oymak2019generalization,
  title={Generalization guarantees for neural networks via harnessing the low-rank structure of the jacobian},
  author={Oymak, Samet and Fabian, Zalan and Li, Mingchen and Soltanolkotabi, Mahdi},
  journal={arXiv preprint arXiv:1906.05392},
  year={2019}
}

@article{zhang2019one,
  title={One-shot pruning of recurrent neural networks by jacobian spectrum evaluation},
  author={Zhang, Matthew Shunshi and Stadie, Bradly},
  journal={arXiv preprint arXiv:1912.00120},
  year={2019}
}

@article{sanyal2019stable,
  title={Stable Rank Normalization for Improved Generalization in Neural Networks and GANs},
  author={Sanyal, Amartya and Torr, Philip HS and Dokania, Puneet K},
  journal={arXiv preprint arXiv:1906.04659},
  year={2019}
}


@inproceedings{tarnowski2019dynamical,
  title={Dynamical isometry is achieved in residual networks in a universal way for any activation function},
  author={Tarnowski, Wojciech and Warcho{\l}, Piotr and Jastrz»©bski, Stanis{\l}aw and Tabor, Jacek and Nowak, Maciej},
  booktitle={The 22nd International Conference on Artificial Intelligence and Statistics},
  pages={2221--2230},
  year={2019}
}

@inproceedings{wang2016analysis,
  title={Analysis of deep neural networks with extended data jacobian matrix},
  author={Wang, Shengjie and Mohamed, Abdel-rahman and Caruana, Rich and Bilmes, Jeff and Plilipose, Matthai and Richardson, Matthew and Geras, Krzysztof and Urban, Gregor and Aslan, Ozlem},
  booktitle={International Conference on Machine Learning},
  pages={718--726},
  year={2016}
}


